<record><leader>00000cas a22000007a 4500</leader><controlfield tag="001">11253879</controlfield><controlfield tag="008">841011d18741904inudn ne      0    0eng d</controlfield><controlfield tag="009">3768</controlfield><datafield ind1=" " ind2=" " tag="010"><subfield code="a">sn 84038184 </subfield></datafield><datafield ind1=" " ind2=" " tag="040"><subfield code="a">NPX</subfield><subfield code="b">eng</subfield><subfield code="c">NPX</subfield><subfield code="d">NPI</subfield><subfield code="d">NVF</subfield></datafield><datafield ind1=" " ind2=" " tag="042"><subfield code="a">msc</subfield></datafield><datafield ind1="0" ind2="4" tag="245"><subfield code="a">The Terre Haute evening gazette.</subfield></datafield><datafield ind1=" " ind2=" " tag="260"><subfield code="a">Terre Haute, Ind. :</subfield><subfield code="b">Ball &amp; Dickerson,</subfield><subfield code="c">1874-</subfield></datafield><datafield ind1=" " ind2=" " tag="310"><subfield code="a">Daily (except Sunday)</subfield></datafield><datafield ind1="0" ind2=" " tag="362"><subfield code="a">Vol. 4, no. 268 (Apr. 14, 1874)-</subfield></datafield><datafield ind1=" " ind2=" " tag="580"><subfield code="a">Weekly ed.: Terre Haute weekly gazette, 1874-&lt;1903&gt;.</subfield></datafield><datafield ind1=" " ind2=" " tag="752"><subfield code="a">United States</subfield><subfield code="b">Indiana</subfield><subfield code="c">Vigo</subfield><subfield code="d">Terre Haute.</subfield></datafield><datafield ind1="1" ind2=" " tag="775"><subfield code="t">Terre Haute weekly gazette</subfield><subfield code="w">(DLC)sn 84038188</subfield></datafield><datafield ind1="0" ind2="0" tag="780"><subfield code="t">Terre Haute gazette (Terre Haute, Ind. : Daily)</subfield><subfield code="w">(DLC)sn 85033225</subfield></datafield><datafield ind1="0" ind2="7" tag="785"><subfield code="t">Daily tribune (Terre Haute, Ind.)</subfield><subfield code="w">(DLC)sn 86058047</subfield></datafield><datafield ind1="0" ind2="7" tag="785"><subfield code="t">Tribune gazette (Terre Haute, Ind.)</subfield><subfield code="w">(DLC)sn 87055671</subfield></datafield></record>